<?xml version="1.0" encoding="UTF-8" ?>
<record Numero="14839226" format="InterXMarc_Complet" type="Authority">
<leader>00848c0 au2200027   45  <Pos Code="0004">00848</Pos>
<Pos Code="05" Sens="notice modifiée">c</Pos>
<Pos Code="06" Sens="notice validée par les services d&apos;autorité">0</Pos>
<Pos Code="08" Sens="notice d&apos;autorité">a</Pos>
<Pos Code="09" Sens="titre uniforme musical (TUM)">u</Pos>
<Pos Code="10">2</Pos>
<Pos Code="11">2</Pos>
<Pos Code="1216">00027</Pos>
<Pos Code="20">4</Pos>
<Pos Code="21">5</Pos>
</leader>
<controlfield tag="001">FRBNF14839226X<Pos Code="0001">FR</Pos>
<Pos Code="0204">BNF</Pos>
<Pos Code="0512">14839226</Pos>
<Pos Code="13">X</Pos>
</controlfield>
<controlfield tag="008">040205140408yymmm chr       2001                             1   <Pos Code="0001">04</Pos>
<Pos Code="0203">02</Pos>
<Pos Code="0405">05</Pos>
<Pos Code="0607">14</Pos>
<Pos Code="0809">04</Pos>
<Pos Code="1011">08</Pos>
<Pos Code="1213" Sens="ne s&apos;applique pas">yy</Pos>
<Pos Code="1416" Sens="langues multiples [plusieurs textes en plusieurs langues => langues multiples]">mmm</Pos>
<Pos Code="1820" Sens="choeur">chr</Pos>
<Pos Code="2831">2001</Pos>
<Pos Code="61" Sens="La vedette peut être liée à une notice bibliographique sauf pour l&apos;accès matière RAMEAU">1</Pos>
</controlfield>
<datafield tag="041" ind1=" " ind2=" ">
	<subfield code="a" Sens="anglais">eng</subfield>
	<subfield code="a" Sens="français">fre</subfield>
</datafield>
<datafield tag="048" ind1=" " ind2=" ">
	<subfield code="a">ca01<Pos Code="0001" Sens="choeurs - mixte (4 voix SATB)">ca</Pos>
<Pos Code="02">0</Pos>
<Pos Code="03">1</Pos>
</subfield>
</datafield>
<datafield tag="100" ind1=" " ind2=" ">
	<subfield code="3">13895701</subfield>
	<subfield code="w"> 0  b     </subfield>
	<subfield code="a">Jolas</subfield>
	<subfield code="m">Betsy</subfield>
	<subfield code="d">1926-....</subfield>
</datafield>
<datafield tag="144" ind1="1" ind2=" ">
	<subfield code="w">....b.mul.</subfield>
	<subfield code="a">Chant dormant, dormant chant</subfield>
</datafield>
<datafield tag="444" ind1="1" ind2=" ">
	<subfield code="w">....b.fre.</subfield>
	<subfield code="a">Chant dormant</subfield>
</datafield>
<datafield tag="444" ind1="1" ind2=" ">
	<subfield code="w">....b.eng.</subfield>
	<subfield code="a">Dormant chant</subfield>
</datafield>
<datafield tag="444" ind1="1" ind2=" ">
	<subfield code="w">....b.....</subfield>
	<subfield code="a">Chantdormantchant</subfield>
</datafield>
<datafield tag="600" ind1=" " ind2=" ">
	<subfield code="a">Choeur a cappella sur des citations de William Shakespeare, de Victor Hugo et d&apos;auteurs anonymes, en français et en anglais</subfield>
	<subfield code="a">Date de composition : 2001</subfield>
	<subfield code="a">1re exécution : Ann Arbor (Mich.), 2003, par l&apos;University of Michigan Choir</subfield>
</datafield>
<datafield tag="600" ind1=" " ind2=" ">
	<subfield code="a">Ce choeur, légèrement modifié, a été repris dans le &quot;Concerto-fantaise&quot; pour piano et choeur</subfield>
</datafield>
<datafield tag="608" ind1=" " ind2=" ">
	<subfield code="a">choeur mixte à 32 voix</subfield>
</datafield>
<datafield tag="610" ind1=" " ind2=" ">
	<subfield code="a">Betsy Jolas</subfield>
	<subfield code="u">http://www.betsyjolas.com</subfield>
	<subfield code="d">2011-10-12</subfield>
</datafield>
<datafield tag="610" ind1=" " ind2=" ">
	<subfield code="a">IRCAM</subfield>
	<subfield code="u">http://brahms.ircam.fr</subfield>
	<subfield code="d">2011-10-12</subfield>
</datafield>
<datafield tag="917" ind1=" " ind2=" ">
	<subfield code="o">OPD</subfield>
	<subfield code="a">100674300</subfield>
	<subfield code="b">ATUM</subfield>
</datafield>
<Alter Ori="13895701">
<datafield tag="031" ind1=" " ind2=" ">
	<subfield code="a">0000000108802196</subfield>
	<subfield code="2" Sens="ISNI chargé à partir de VIAF">VIAF</subfield>
	<subfield code="d">20130731<Pos Code="0003">2013</Pos>
<Pos Code="0407" Sens="31 juillet">0731</Pos>
</subfield>
</datafield>
</Alter>
<Attr Nom="IDPerenne">ark:/12148/cb148392264</Attr>
<Attr Nom="NumSource">OPD 100674300</Attr>
<Attr Nom="Source" Sens="BnF catalogue général (depuis 1999)">A</Attr>
<Attr Nom="NumAutoriteLiee">13895701</Attr>
<Attr Nom="DateCreation">05/02/ 2004</Attr>
<Attr Nom="ResponsableCreation">MIGV3_FG</Attr>
<Attr Nom="StructCreation">1</Attr>
<Attr Nom="DateDerniereValidation">08/04/ 2014</Attr>
<Attr Nom="ResponsableDerniereValidation">PUYRENIER FREDERIC</Attr>
<Attr Nom="StructPremiereValidation">1</Attr>
<Attr Nom="DatePremiereValidation">05/02/ 2004</Attr>
<Attr Nom="ResponsablePremiereValidation">MIGV3_FG</Attr>
<Attr Nom="StructDerniereValidation">82</Attr>
<Attr Nom="NumSource">OPP 14711189</Attr>
</record>
